@Article{shannon1948it0,
  author    = {C. E. Shannon},
  title     = {{A Mathematical Theory of Communication}},
  doi       = {10.1002/j.1538-7305.1948.tb00917.x},
  number    = {4},
  pages     = {623--656},
  volume    = {27},
  file      = {:pdf/shannon1948it0.pdf:PDF},
  journal   = J_BELL,
  month     = oct,
  publisher = {Institute of Electrical and Electronics Engineers ({IEEE})},
  year      = {1948},
}
