@STRING{IEEE_J_JSAIT = "{IEEE} J. Sel. Areas Inf. Theory"}
@STRING{ANNMSTAT = "Ann. Math. Statist."}
@STRING{J_PIT = "Problems Inform. Transmission"}
@STRING{J_EUTC = "Eu. Trans. Telecom."}
@STRING{ASA_J = "J. Am. Stat. Assoc."}
@STRING{SIAM_J_AMATH = "{SIAM} J. Appl. Math."}
@STRING{SIAM_J_COPT = "{SIAM} J. Control Opt."}
@STRING{J_DISC_AMATH = "Discr. Appl. Math."}
@STRING{J_CISS = "J. Comb., Inf. and Sys. Sc."}
@STRING{J_WAHRSCH = "Zeitschr. Wahrsch. Theorie und Verw. Geb."}
@STRING{J_BELL = "Bell Sys. Techn. J."}
@STRING{J_PhysRevA = "Phys. Rev. A."}

@STRING{Proc = "Proc. "}
@STRING{C_COLLIT = "Coll. Inf. Theory"}
@STRING{IEEE_C_ISIT = "{IEEE} Int. Symp. Inf. Theory ({ISIT})"}
@STRING{IEEE_C_ICC = "{IEEE} Int. Conf. Comm."}
@STRING{IEEE_C_ITW =  "{IEEE} Inf. Theory Workshop ({ITW})"}
@STRING{IEEE_C_WIFS = "{IEEE} Workshop Inf. Forensics Security ({WIFS})"}
@STRING{IEEE_C_ITCOM = "{IEEE} Inf. Theory Commun. Workshop ({ITCOM})"}
@STRING{C_INDOCRYPT = "Progr. Crypto. ({INDOCRYPT})"}
@STRING{C_CROWNCOM = "Int. Conf. Cogn. Radio Oriented Wireless Net. Commun. (CROWNCOM)"}
@STRING{VDE_C_WSA = "Int. {ITG} Workshop Smart Antennas (WSA)"}
@STRING{C_SFCS = "Ann. Symp. Foundations Comp. Sci."}
@STRING{ACM_C_STOC = "Ann. {ACM} Symp. Th. Comp."}
